@BOOK{Smith:2012qr,
	title = {{B}ook {T}itle},
	publisher = {Publisher},
	author = {Smith, J.~M. and Jones, A.~B.},
	year = {2012},
	edition = {7th},
}

@ARTICLE{Smith:2013jd,
	author = {Jones, A.~B. and Smith, J.~M.},
	title = {{A}rticle {T}itle},
	journal = {Journal title},
	year = {2013},
	volume = {13},
	pages = {123-456},
	number = {52},
	month = {March},
	publisher = {Publisher}
}

@article{anopheles2017genetic,
  title={{G}enetic {d}iversity of {t}he African {m}alaria {v}ector Anopheles gambiae},
  author={Anopheles gambiae 1000 Genomes Consortium and Partner working group and others},
  journal={Nature},
  volume={552},
  number={7683},
  pages={96},
  year={2017}
}

@article{lecun2015deep,
  title={{D}eep {l}earning},
  author={LeCun, Yann and Bengio, Yoshua and Hinton, Geoffrey},
  journal={nature},
  volume={521},
  number={7553},
  pages={436--444},
  year={2015},
  publisher={Nature Publishing Group}
}
